<?xml version="1.0" encoding="UTF-8"?><collection xmlns="http://www.loc.gov/MARC21/slim"><record><leader>00375nam--2200145-i-4500</leader><controlfield tag="001">000027213</controlfield><controlfield tag="002">20161230</controlfield><controlfield tag="005">20170107003748</controlfield><controlfield tag="008">060222s1000------------r-----000-0-eng-d</controlfield><datafield ind1=" " ind2=" " tag="100"><subfield code="a">Kov©Łcs, P©Łl K</subfield></datafield><datafield ind1=" " ind2=" " tag="245"><subfield code="a">V©Łltakoz©đ©Łram©ð g©♭pek tranziens folyamatai</subfield></datafield><datafield ind1=" " ind2=" " tag="260"><subfield code="a">Budapest</subfield><subfield code="b">Akad©♭miai Kiad©đ</subfield><subfield code="c">1954</subfield></datafield><datafield ind1=" " ind2=" " tag="300"><subfield code="a">566 p</subfield></datafield><datafield ind1=" " ind2=" " tag="852"><subfield code="a">3793</subfield></datafield><datafield ind1=" " ind2=" " tag="CAT"><subfield code="a">SYS</subfield><subfield code="c">20170107</subfield><subfield code="h">003748</subfield></datafield></record></collection>